@article{FelgenhauerJarvis,
	author = {Felgenhauer, Bertram and Jarvis, Frazer},
	year = {2006},
	month = {01},
	pages = {},
	title = {Mathematics of Sudoku I},
	volume = {39},
	journal = {Mathematical Spectrum}
}
@book{jehne2013mathematische,
	  title={Eine mathematische Theorie der Sudokus},
	  author={Jehne, W. and Wingen, H.},
	  isbn={9783110306811},
	  url={https://books.google.de/books?id=jiDoBQAAQBAJ},
	  year={2013},
	  publisher={De Gruyter}
}
@misc{FAZ, 
	title={Mathematik: Der heilige gral der sudokus}, 
	url={https://www.faz.net/aktuell/wissen/physik-mehr/mathematik-der-heilige-gral-der-sudokus-11682905.html}, 
	journal={FAZ.NET},
	 publisher={Frankfurter Allgemeine Zeitung}, 
	author={Frankfurter Allgemeine Zeitung},
	 year={2012}, 
	month={Mar}
} 
@book{logofatu2014grundlegende,
	  title={Grundlegende Algorithmen mit Java: Lern- und Arbeitsbuch f{\"u}r Informatiker und Mathematiker},
	  author={Logof{\u{a}}tu, D.},
	  isbn={9783834819727},
	  url={https://books.google.de/books?id=GBcyngEACAAJ},
	  year={2014},
	  publisher={Springer Fachmedien Wiesbaden}
}
 @misc{knott_2017, 
	title={Backtracking}, 
	url={https://simonknott.de/articles/backtracking}, 
	journal={simonknott.de}, 
	author={Knott, Simon}, 
	year={2017}, 
	month={Nov}
} 
@article{HerzbergMurty,
	author = {Herzberg, Agnes and Murty, Ram},
	year = {2007},
	month = {06},
	pages = {},
	title = {Sudoku squares and chromatic polynomials},
	volume = {54},
	journal = {Internationale Mathematische Nachrichten}
}